@article{ref,
  author = {Biniaz, Ahmad},
  title = {Approximating longest spanning tree with neighborhoods},
  journal = {Journal of Computational Geometry},
  volume = {14},
  number = {1},
  pages = {1--13},
  year = {2023},
  url = {https://jocg.org/index.php/jocg/article/view/3639/3172},
}